@article{sutton2000policy,
title={Policy gradient methods for reinforcement learning with function approximation},
author={Sutton, Richard S and McAllester, David A and Singh, Satinder P and Mansour, Yishay},
journal={Advances in neural information processing systems},
volume={12},
year={2000}
}
@article{mnih2015human,
title={Human-level control through deep reinforcement learning},
author={Mnih, Volodymyr and Kavukcuoglu, Koray and Silver, David and Rusu, Andrei A and Veness, Joel and Bellemare, Marc G and Graves, Alex and Riedmiller, Martin and Fidjeland, Andreas K and Ostrovski, Georg and others},
journal={Nature},
volume={518},
number={7540},
pages={529--533},
year={2015},
publisher={Nature Publishing Group}
}
@article{konda2000actor,
title={Actor-critic algorithms},
author={Konda, Vijay R and Tsitsiklis, John N},
journal={Advances in neural information processing systems},
volume={13},
year={2000}
}
@article{lowe2017multi,
title={Multi-agent actor-critic for mixed cooperative-competitive environments},
author={Lowe, Ryan and Wu, Yi and Tamar, Aviv and Harb, Jean and Abbeel, Pieter and Mordatch, Igor},
journal={Advances in neural information processing systems},
volume={30},
year={2017}
}
@article{schulman2015high,
title={High-dimensional continuous control using generalized advantage estimation},
author={Schulman, John and Moritz, Philipp and Levine, Sergey and Jordan, Michael and Abbeel, Pieter},
journal={arXiv preprint arXiv:1506.02438},
year={2015}
}
@book{sutton2018reinforcement,
title={Reinforcement learning: An introduction},
author={Sutton, Richard S and Barto, Andrew G},
year={2018},
publisher={MIT press}
}
@inproceedings{foerster2018counterfactual,
title={Counterfactual multi-agent policy gradients},
author={Foerster, Jakob and Farquhar, Gregory and Afouras, Triantafyllos and Nardelli, Nantas and Whiteson, Shimon},
booktitle={Proceedings of the AAAI Conference on Artificial Intelligence},
volume={32},
number={1},
year={2018}
}
@article{hernandez2017survey,
title={A survey of learning in multiagent environments: Dealing with non-stationarity},
author={Hernandez-Leal, Pablo and Kaisers, Michael and Baarslag, Tim and de Cote, Enrique Munoz},
journal={arXiv preprint arXiv:1707.09183},
year={2017}
}
@inproceedings{schulman2015trust,
title={Trust region policy optimization},
author={Schulman, John and Levine, Sergey and Abbeel, Pieter and Jordan, Michael and Moritz, Philipp},
booktitle={International conference on machine learning},
pages={1889--1897},
year={2015},
organization={PMLR}
}
@article{schulman2017proximal,
title={Proximal policy optimization algorithms},
author={Schulman, John and Wolski, Filip and Dhariwal, Prafulla and Radford, Alec and Klimov, Oleg},
journal={arXiv preprint arXiv:1707.06347},
year={2017}
}

@article{cho2014learning,
  title={Learning phrase representations using RNN encoder-decoder for statistical machine translation},
  author={Cho, Kyunghyun and Van Merri{\"e}nboer, Bart and Gulcehre, Caglar and Bahdanau, Dzmitry and Bougares, Fethi and Schwenk, Holger and Bengio, Yoshua},
  journal={Proceedings of the 2014 Conference on Empirical Methods in Natural Language Processing (EMNLP)},
  pages={1724--1734},
  year={2014}
}

@article{hochreiter1997long,
  title={Long short-term memory},
  author={Hochreiter, Sepp and Schmidhuber, J{\"u}rgen},
  journal={Neural computation},
  volume={9},
  number={8},
  pages={1735--1780},
  year={1997},
  publisher={MIT Press}
}

@article{chung2014empirical,
  title={Empirical evaluation of gated recurrent neural networks on sequence modeling},
  author={Chung, Junyoung and Gulcehre, Caglar and Cho, KyungHyun and Bengio, Yoshua},
  journal={arXiv preprint arXiv:1412.3555},
  year={2014}
}

@article{graves2013generating,
  title={Generating sequences with recurrent neural networks},
  author={Graves, Alex},
  journal={arXiv preprint arXiv:1308.0850},
  year={2013}
}

@article{pascanu2013difficulty,
  title={On the difficulty of training recurrent neural networks},
  author={Pascanu, Razvan and Mikolov, Tomas and Bengio, Yoshua},
  journal={International conference on machine learning},
  pages={1310--1318},
  year={2013},
  publisher={PMLR}
}

@article{greff2016lstm,
  title={LSTM: A search space odyssey},
  author={Greff, Klaus and Srivastava, Rupesh K and Koutn{\'\i}k, Jan and Steunebrink, Bas R and Schmidhuber, J{\"u}rgen},
  journal={IEEE transactions on neural networks and learning systems},
  volume={28},
  number={10},
  pages={2222--2232},
  year={2016},
  publisher={IEEE}
}

@article{jozefowicz2015empirical,
  title={An empirical exploration of recurrent network architectures},
  author={Jozefowicz, Rafal and Zaremba, Wojciech and Sutskever, Ilya},
  journal={International conference on machine learning},
  pages={2342--2350},
  year={2015},
  publisher={PMLR}
}

@article{li2018learning,
  title={Learning long-term dependencies for action recognition with a biologically-inspired deep network},
  author={Li, Yunan and Du, Yixuan and Sei, Yuichi},
  journal={Proceedings of the IEEE International Conference on Computer Vision},
  pages={716--725},
  year={2018}
}

@article{brandl2024,
    author = {Floarian Brandl},
    title = {The Social Learning Barrier},
    year = {2024},
}